
@misc{energy,
	title = {Energy {Use} {Calculator} – {Calculate} electricity usage and energy cost of any device},
	url = {https://energyusecalculator.com/},
	urldate = {2024-02-15},
	file = {Energy Use Calculator – Calculate electricity usage and energy cost of any device:C\:\\Users\\nokot\\Zotero\\storage\\22XTIDJG\\energyusecalculator.com.html:text/html},
}

@article{office_of_energy_2005,
	title = {Energy {Consumption} of {Major} {Household} {Appliances} {Shipped} in {Canada}},
	language = {en},
	author = {Office of Energy Efficiency},
	file = {Energy Consumption of Major Household Appliances S.pdf:C\:\\Users\\nokot\\Zotero\\storage\\A63RUK7C\\Energy Consumption of Major Household Appliances S.pdf:application/pdf},
    month = "December",
    year = 2005
}
